@book{Structures,
    author    = "Luger, George F.",
    title     = "Artificial Intelligence, Structures and Strategies for Complex Problem Solving",
    publisher = "ADDISON WESLEY",
    edition  = "Fifth",
    year      = "2005",
    address  = "England",
}

@book{Sintesis,
    author    = "Nilsson, Nils J.",
    title     = "Inteligencia Artificial, Una nueva síntesis",
    publisher = "Mc Graw Hill",
    edition  = "First",
    year      = "2004",
    address  = "Madrid",
}

@book{Fundamentos,
    author    = "Serrano, Alberto García",
    title     = "Intelgencia Artificial, Fundamentos, prácticas y aplicaciones",
    publisher = "Alfaomega",
    edition  = "First",
    year      = "2012",
    address  = "Madrid",
}

@book{Haugeland,
    author    = "Haugeland, J.",
    title     = "Artificial Intelligence: The Very idea",
    publisher = "Cambridge",
    edition  = "First",
    year      = "1985",
    address  = "Massachusetts",
}

@book{Winston,
    author    = "Winston,P.H.",
    title     = "Learning structural descriptions from examples. Technical report",
    publisher = "Massachusetts Institute of Technology.",
    edition  = "First",
    year      = "1970",
    address  = "Massachusetts",
}

@book{Kurzweil,
    author    = "Kurzweil, R.",
    title     = "The Age of Intelligent Machines.",
    publisher = "MIT Press",
    edition  = "First",
    year      = "1990",
    address  = "Massachusetts",
}

@book{Poole_et,
    author    = "Poolc, D. . Mackworth, A.K. . and Goebel, R.",
    title     = "The Age of Intelligent Machines.",
    publisher = "MIT Press",
    edition  = "First",
    year      = "1990",
    address  = "Massachusetts",
}

@misc{convencional_computaciona,
      author = "Ardila Rendon, Luis Miguel",
      title = "ESCUELAS DEL PENSAMIENTO (IA)",
      month = "November",
     year = "2012",
     url = "http://uniquindioia.blogspot.mx"
}

@misc{ambitos,
      author = "García Fernández, Luis Alberto",
      title = "Usos y aplicaciones de la inteligencia artificial",
      month = "December",
     year = "2004",
     url = "http://uniquindioia.blogspot.mx"
}

@book{Benitez,
    author    = "Benitez",
    title     = "INTELIGENCIA ARTIFICIAL AVANZADA.",
    publisher = "UOC",
    edition  = "First",
    year      = "2013",
    address  = "Barcelona",
}


